@misc{openwrt_home,
  howpublished = {\url{https://web.archive.org/web/20230315035827/https://openwrt.org/start}},
  title        = {OpenWrt Home}
}
@misc{openwrt_about,
  howpublished = {\url{https://web.archive.org/web/20230315035827/https://openwrt.org/about}},
  title        = {OpenWrt About}
}
@misc{openwrt_faq,
  howpublished = {\url{https://web.archive.org/web/20221123091403/https://openwrt.org/faq/general}},
  title        = {OpenWrt FAQ}
}
@misc{openwrt_stock,
  howpublished = {\url{https://web.archive.org/web/20230316170518/https://openwrt.org/docs/guide-user/installation/openwrt-as-stock-firmware}},
  title        = {OpenWrt Stock Firmware}
}

@misc{openwrt_install,
  howpublished = {\url{https://web.archive.org/web/20220609112758/https://openwrt.org/docs/guide-user/installation/start}},
  title        = {OpenWrt installation}
}

@misc{kvm,
  howpublished = {\url{https://web.archive.org/web/20230324055810/https://www.linux-kvm.org/page/Main_Page}},
  title        = {KVM}
}

@misc{pci_passthrough,
  howpublished = {\url{https://web.archive.org/web/20230327035420/https://wiki.archlinux.org/title/PCI_passthrough_via_OVMF}},
  title        = {PCI passthrough}
}

@misc{wsl2,
  howpublished = {\url{https://web.archive.org/web/20230323193209/https://learn.microsoft.com/en-us/windows/wsl/about}},
  title        = {Windows Subsystem for Linux}
}

@misc{wsl2_install,
  howpublished = {\url{https://web.archive.org/web/20230314171214/https://www.windowscentral.com/how-install-wsl2-windows-10}},
  title        = {Install WSL2}
}

@misc{wsl2_usbip,
  howpublished = {\url{https://web.archive.org/web/20230310122219/https://learn.microsoft.com/en-us/windows/wsl/connect-usb}},
  title        = {WSL2 USBIP}
}
@misc{virtualbox_and_hyperv,
  howpublished = {\url{https://stackoverflow.com/questions/58031941/how-to-get-virtualbox-6-0-and-wsl-working-at-the-same-time}},
  title        = {How to get VirtualBox 6.0 and WSL working at the same time}
}

@misc{hyperv_pci,
  howpublished = {\url{https://web.archive.org/web/20230425004856/https://learn.microsoft.com/en-us/windows-server/virtualization/hyper-v/system-requirements-for-hyper-v-on-windows}},
  title        = {What's new in Hyper-V on Windows}
}

@misc{asus_ax4200,
  howpublished = {\url{https://web.archive.org/web/20230519011324/https://forum.openwrt.org/t/asus-tuf-ax4200-support/155738}},
  title        = {OpenWrt Asus TUF-AX4200 support}
}

@misc{wlan_channels,
  howpublished = {\url{https://en.wikipedia.org/wiki/List_of_WLAN_channels}},
  title        = {WLAN csatorn√°k}
}

@misc{samsung_roaming,
  howpublished = {\url{https://web.archive.org/web/20230519013635/https://docs.samsungknox.com/admin/knox-platform-for-enterprise/kbas/kba-115013403768.htm}},
  title        = {Samsung Know Enhanced roaming algorithm}
}


@misc{apple_roaming,
  howpublished = {\url{https://web.archive.org/web/20230503143419/https://support.apple.com/en-us/HT202628}},
  title        = {Wi-Fi network roaming with 802.11k, 802.11r, and 802.11v on iOS, iPadOS, and macOS}
}


@misc{iwlwifi,
  howpublished = {\url{https://community.intel.com/t5/Wireless/Configuring-WiFi6-as-AP-in-linux-with-hostapd/m-p/1223560}},
  title        = {Configuring WiFi6 as AP in linux with hostapd}
}


@misc{hostapd,
  howpublished = {\url{https://w1.fi/hostapd/}},
  title        = {hostapd}
}

@misc{hostapd_config,
  howpublished = {\url{https://openwrt.org/docs/techref/ubus}},
  title        = {OpenWrt hostapd}
}
